<record xmlns='http://www.loc.gov/MARC21/slim'><leader>04164ctcaa2200541 a 4500</leader><controlfield tag='001'>1856161</controlfield><controlfield tag='005'>20191203150117.0</controlfield><controlfield tag='007'>hd afu   baca</controlfield><controlfield tag='007'>hd bfu---baaa</controlfield><controlfield tag='008'>920703i18781959xx      a     000 0deng  </controlfield><datafield ind1='1' ind2=' ' tag='019'><subfield code='a'>9070395</subfield><subfield code='z'>4551014</subfield></datafield><datafield ind1=' ' ind2=' ' tag='035'><subfield code='9'>(AuCNLDY)1825756</subfield></datafield><datafield ind1=' ' ind2=' ' tag='035'><subfield code='a'>1856161</subfield></datafield><datafield ind1=' ' ind2=' ' tag='040'><subfield code='a'>ANL:MS</subfield><subfield code='b'>eng</subfield><subfield code='c'>ANL:MS</subfield><subfield code='d'>ANL</subfield></datafield><datafield ind1=' ' ind2=' ' tag='042'><subfield code='a'>anuc</subfield></datafield><datafield ind1=' ' ind2=' ' tag='043'><subfield code='a'>u-at-ne</subfield><subfield code='a'>u-at---</subfield></datafield><datafield ind1='2' ind2=' ' tag='045'><subfield code='b'>d1856</subfield><subfield code='b'>d1959</subfield></datafield><datafield ind1='1' ind2=' ' tag='100'><subfield code='a'>Coghlan, T. A.</subfield><subfield code='q'>(Timothy Augustine),</subfield><subfield code='d'>1855-1926.</subfield></datafield><datafield ind1='1' ind2='0' tag='245'><subfield code='a'>Papers of Sir Timothy A. Coghlan (as filmed by the AJCP)</subfield><subfield code='h'>[microform] :</subfield><subfield code='b'>[M807-814, M828],</subfield><subfield code='f'>1878-1959.</subfield></datafield><datafield ind1=' ' ind2=' ' tag='260'><subfield code='c'>[1878-1959]</subfield></datafield><datafield ind1=' ' ind2=' ' tag='300'><subfield code='a'>9 microfilm reels ;</subfield><subfield code='c'>35 mm.</subfield></datafield><datafield ind1=' ' ind2=' ' tag='500'><subfield code='a'>Filmed as part of the Australian Joint Copying Project by the National Library of Australia and the State Library of New South Wales.</subfield></datafield><datafield ind1=' ' ind2=' ' tag='500'><subfield code='a'>National Library of Australia holds microfilm master.</subfield></datafield><datafield ind1=' ' ind2=' ' tag='506'><subfield code='a'>Available for research.</subfield></datafield><datafield ind1='4' ind2=' ' tag='510'><subfield code='a'>Australian Joint Copying Project handbook. Part 8 : Miscellaneous [M series],</subfield><subfield code='c'>Entry 32, p. 27-28.</subfield></datafield><datafield ind1=' ' ind2=' ' tag='520'><subfield code='a'>M807-814: 1. In-letters, 1878-1929, including 18 letters 1905-1908 from Alfred Deakin, letters 1887-1920 from Andrew Fisher, B.R. Wise, Henry Parkes, Sir George Dibbs, R.E. O&apos;Connor, and J. Le Gay Brereton: congratulatory correspondence on his knighthood in 1914 and correspondence on private and official matters. 2. Letter books, 1906-1915, containing copies of letters to 325 friends and colleagues relating to official matters and to his activities as agent-general for New South Wales, as well as to domestic affairs. 3. Invitations, programs and club membership documents, 1888-1925. 4. Legal documents and printed material including notification of honours and letters of condolence on his death. 5. Family correspondence, 1905-1926. 6. Newspaper cuttings, 1885-1926, including references to his career in Sydney and London and his contributions to the Bulletin. 7. Photographs of family and of railway construction in Sydney, 1922. M828: Album with index of criminals giving name, place and date of birth, particulars of convictions and portraits.</subfield></datafield><datafield ind1=' ' ind2=' ' tag='524'><subfield code='a'>Australian Joint Copying Project miscellaneous series M807-815 and M828.</subfield></datafield><datafield ind1=' ' ind2=' ' tag='530'><subfield code='a'>Also available online</subfield><subfield code='u'>http://nla.gov.au/nla.obj-743635576</subfield></datafield><datafield ind1=' ' ind2=' ' tag='533'><subfield code='a'>Microfilm.</subfield><subfield code='b'>Canberra :</subfield><subfield code='c'>Australian Joint Copying Project,</subfield><subfield code='d'>[19--]</subfield><subfield code='e'>9 microfilm reels ; 35 mm.</subfield></datafield><datafield ind1='1' ind2=' ' tag='535'><subfield code='a'>Microfilm copy of original documents held in the National Library of Australia Manuscript collection at MS 6335.</subfield></datafield><datafield ind1='0' ind2=' ' tag='545'><subfield code='a'>Statistican, public servant and writer. Timothy Augustine Coghlan was born in Sydney in 1855. He served as the first government statistician of New South Wales, 1886-1905, until appointed as New South Wales agent-general in London, 1905-1926. Coghlan was the author of Wealth and progress of New South Wales (1887), Labour and industry in Australia (1918) and many other works. He was also a member of many associations and government advisory bodies. Further biographical information at</subfield><subfield code='u'>http://trove.nla.gov.au/people/617455</subfield></datafield><datafield ind1='8' ind2=' ' tag='555'><subfield code='a'>Finding aid (4 p.) available in the Special Collections Reading Room.</subfield></datafield><datafield ind1='1' ind2='0' tag='600'><subfield code='a'>Coghlan, T. A.</subfield><subfield code='q'>(Timothy Augustine),</subfield><subfield code='d'>1855-1926</subfield><subfield code='v'>Archives.</subfield></datafield><datafield ind1='3' ind2='0' tag='600'><subfield code='a'>Coghlan family</subfield><subfield code='v'>Archives.</subfield></datafield><datafield ind1=' ' ind2='0' tag='650'><subfield code='a'>Statisticians</subfield><subfield code='z'>New South Wales</subfield><subfield code='v'>Archives.</subfield></datafield><datafield ind1=' ' ind2='0' tag='650'><subfield code='a'>Government executives</subfield><subfield code='z'>New South Wales</subfield><subfield code='v'>Archives.</subfield></datafield><datafield ind1=' ' ind2='0' tag='650'><subfield code='a'>Economics historians</subfield><subfield code='z'>Australia</subfield><subfield code='v'>Archives.</subfield></datafield><datafield ind1=' ' ind2='0' tag='651'><subfield code='a'>New South Wales</subfield><subfield code='x'>Statistics, Vital.</subfield></datafield><datafield ind1=' ' ind2='0' tag='651'><subfield code='a'>Australia</subfield><subfield code='x'>Economic conditions</subfield><subfield code='y'>1788-1900.</subfield></datafield><datafield ind1=' ' ind2='0' tag='651'><subfield code='a'>New South Wales</subfield><subfield code='x'>Officials and employees</subfield><subfield code='v'>Archives.</subfield></datafield><datafield ind1='3' ind2=' ' tag='700'><subfield code='a'>Coghlan family.</subfield></datafield><datafield ind1='2' ind2=' ' tag='710'><subfield code='a'>National Library of Australia.</subfield></datafield><datafield ind1='2' ind2=' ' tag='710'><subfield code='a'>Australian Joint Copying Project.</subfield></datafield><datafield ind1='2' ind2=' ' tag='710'><subfield code='a'>State Library of New South Wales.</subfield></datafield><datafield ind1='0' ind2=' ' tag='773'><subfield code='a'>Miscellaneous Series (Australian Joint Copying Project).</subfield><subfield code='w'>(AuCNL)7836120</subfield></datafield><datafield ind1=' ' ind2='0' tag='830'><subfield code='a'>Australian Joint Copying Project microform collection.</subfield></datafield><datafield ind1='4' ind2='1' tag='856'><subfield code='z'>National Library of Australia digitised item</subfield><subfield code='u'>http://nla.gov.au/nla.obj-743635576</subfield><subfield code='x'>fulltext</subfield></datafield><datafield ind1='4' ind2='2' tag='856'><subfield code='z'>Finding aid at National Library of Australia</subfield><subfield code='u'>http://nla.gov.au/nla.obj-743635576/findingaid</subfield></datafield><datafield ind1='f' ind2='f' tag='999'><subfield code='i'>2f9586cb-9ec6-582f-88db-aa88626a1a2c</subfield><subfield code='s'>ba85ad9f-6b04-5876-9d68-5f1ec4e09cda</subfield></datafield><datafield ind1='f' ind2='f' tag='952'><subfield code='a'>National Library of Australia</subfield><subfield code='b'>Parkes</subfield><subfield code='c'>Parkes</subfield><subfield code='d'>Main Reading Room - Newspapers and Family History Reference (NEWSPAPER REFERENCE)</subfield><subfield code='e'>Mfm M 807-814</subfield><subfield code='h'>Other scheme</subfield><subfield code='m'>fdb12d1f-0394-59f0-9856-4a15fcbe5376</subfield></datafield><datafield ind1='f' ind2='f' tag='952'><subfield code='a'>National Library of Australia</subfield><subfield code='b'>Parkes</subfield><subfield code='c'>Parkes</subfield><subfield code='d'>Main Reading Room - Newspapers and Family History Reference (NEWSPAPER REFERENCE)</subfield><subfield code='e'>Mfm M 828</subfield><subfield code='h'>Other scheme</subfield><subfield code='m'>c36af8dd-de8f-5211-a17b-effb59918282</subfield></datafield></record>